@article{test,
  title={Community detection in graphs},
  author={Fortunato and Santo},
  journal={Physics Reports},
  volume={486},
  number={3–5},
  pages={75-174},
  year={2010},
}
@article{NewmanBasic,
  title={Finding and evaluating community structure in networks.},
  author={Newman, M. E. and Girvan, M},
  journal={Physical Review E Statistical Nonlinear \& Soft Matter Physics},
  volume={69},
  number={2 Pt 2},
  pages={026113},
  year={2004},
}
@article{NewmanFast,
  title={Fast algorithm for detecting community structure in networks.},
  author={Newman, M. E. J.},
  journal={Physical Review E Statistical Nonlinear & Soft Matter Physics},
  volume={69},
  number={6 Pt 2},
  pages={066133},
  year={2004},
 }

@article{Tuihuo,
  title={Functional cartography of complex metabolic networks.},
  author={Roger, Guimerà and Amaral, Luís A, Nunes},
  journal={Nature},
  volume={433},
  number={7028},
  pages={895-900},
  year={2005},
 }

@article{TuihuoEfficency,
  title={In Search of the Biological Significance of Modular Structures in Protein Networks},
  author={Wang, Zhi and Zhang, Jianzhi},
  journal={Plos Computational Biology},
  volume={3},
  number={3},
  pages={e107},
  year={2007},
 }

@article{NewmanMatrix,
  title={Newman MEJ.. Modularity and community structure in networks. Proc Natl Acad Sci USA 103: 8577-8582},
  author={Newman, Mark E. J.},
  journal={Proceedings of the National Academy of Sciences},
  volume={103},
  number={23},
  pages={8577-8582},
  year={2006},
 }

@article{MultiCluster,
  title={Journal of Statistical Mechanics: Theory and Experiment},
  author={Moore, C. and Stat, J. and Mech, P},
  year={2011},
}

@inproceedings{Lancichinetti2009Community,
  title={Community detection algorithms: A comparative analysis},
  author={Lancichinetti, Andrea and Fortunato, Santo},
  booktitle={International ICST Conference on PERFORMANCE Evaluation Methodologies and TOOLS},
  pages={27},
  year={2009},
 }

@article{LocalCluster,
  title={Fast Complex Network Clustering Algorithm Using Local Detection},
  author={Di, Jin and Liu, Da You and Bo, Yang and Jie, Liu and Dong-Xiao, H. E. and Ye, Tian},
  journal={Acta Electronica Sinica},
  volume={39},
  number={11},
  pages={2540-2546},
  year={2011},
 }

@article{ResolutionLimit,
  title={Resolution limit in community detection},
  author={Fortunato, Santo and Barthélemy, Marc},
  journal={Proceedings of the National Academy of Sciences of the United States of America},
  volume={104},
  number={1},
  pages={36-41},
  year={2006},
 }

@article{ExtremeDegenerace,
  title={Performance of modularity maximization in practical contexts.},
  author={Good, B. H. and de Montjoye, Y. A. and Clauset, A},
  journal={Physical Review E},
  volume={81},
  number={2},
  pages={046106},
  year={2010},
 }

@article{WeightPretreatment,
  title={Network community-detection enhancement by proper weighting.},
  author={Khadivi, A and Ajdari, Rad A and Hasler, M},
  journal={Physical Review E Statistical Nonlinear & Soft Matter Physics},
  volume={83},
  number={2},
  pages={894-901},
  year={2011},
 }


